<record><leader>00000cas a2200000 a 4500</leader><controlfield tag="001">11215974</controlfield><controlfield tag="008">841001d18741877ksuwr ne      0    0eng d</controlfield><datafield ind1=" " ind2=" " tag="010"><subfield code="a">sn 84029312 </subfield></datafield><datafield ind1=" " ind2=" " tag="040"><subfield code="a">KSH</subfield><subfield code="b">eng</subfield><subfield code="c">KSH</subfield><subfield code="d">NPT</subfield><subfield code="d">NPX</subfield><subfield code="d">OCL</subfield><subfield code="d">OCLCQ</subfield></datafield><datafield ind1=" " ind2=" " tag="042"><subfield code="a">msc</subfield></datafield><datafield ind1="0" ind2=" " tag="130"><subfield code="a">Courant (Longton, Kan.)</subfield></datafield><datafield ind1="1" ind2="4" tag="245"><subfield code="a">The courant.</subfield></datafield><datafield ind1=" " ind2=" " tag="260"><subfield code="a">Longton, Kan. :</subfield><subfield code="b">A.B. Steinbarger,</subfield><subfield code="c">-1877.</subfield></datafield><datafield ind1=" " ind2=" " tag="300"><subfield code="a">v. ;</subfield><subfield code="c">55-64 cm.</subfield></datafield><datafield ind1=" " ind2=" " tag="310"><subfield code="a">Weekly</subfield></datafield><datafield ind1="0" ind2=" " tag="362"><subfield code="a">-v. 4, no. 23 (Nov. 14, 1877).</subfield></datafield><datafield ind1="1" ind2=" " tag="362"><subfield code="a">Began in 1874.</subfield><subfield code="z">Cf. Gregory, W. Amer. newspapers.</subfield></datafield><datafield ind1=" " ind2=" " tag="500"><subfield code="a">Published at Howard City, Kan., Dec. 22, 1875-Nov. 14, 1877.</subfield></datafield><datafield ind1=" " ind2=" " tag="500"><subfield code="a">"Republican."</subfield></datafield><datafield ind1=" " ind2=" " tag="588"><subfield code="a">Description based on: Vol. 1, no. 28 (Dec. 30, 1874).</subfield></datafield><datafield ind1=" " ind2=" " tag="752"><subfield code="a">United States</subfield><subfield code="b">Kansas</subfield><subfield code="c">Elk</subfield><subfield code="d">Howard.</subfield></datafield><datafield ind1=" " ind2=" " tag="752"><subfield code="a">United States</subfield><subfield code="b">Kansas</subfield><subfield code="c">Elk</subfield><subfield code="d">Longton.</subfield></datafield><datafield ind1="0" ind2="5" tag="780"><subfield code="t">Howard City beacon</subfield><subfield code="g">Dec. 1875</subfield><subfield code="w">(DLC)sn 84029299</subfield></datafield><datafield ind1="0" ind2="7" tag="785"><subfield code="t">Elk County ledger</subfield><subfield code="w">(DLC)sn 84029313</subfield></datafield><datafield ind1="0" ind2="7" tag="785"><subfield code="t">Courant-ledger</subfield><subfield code="w">(DLC)sn 84029311</subfield></datafield></record>